<?xml version="1.0" encoding="UTF-8"?><collection xmlns="http://www.loc.gov/MARC21/slim"><record><leader>00472nam--2200181-i-4500</leader><controlfield tag="001">000040117</controlfield><controlfield tag="002">20161230</controlfield><controlfield tag="005">20161230201042</controlfield><controlfield tag="008">060222s1000------------r-----000-0-eng-d</controlfield><datafield ind1=" " ind2=" " tag="040"><subfield code="a">IFIN-HH</subfield></datafield><datafield ind1=" " ind2=" " tag="080"><subfield code="a">539.126</subfield></datafield><datafield ind1="1" ind2=" " tag="100"><subfield code="a">Sakurai,J.J</subfield></datafield><datafield ind1="1" ind2="0" tag="245"><subfield code="a">Currents and mesons</subfield><subfield code="c">J.j. sakurai</subfield></datafield><datafield ind1=" " ind2=" " tag="260"><subfield code="a">Chicago</subfield><subfield code="b">The University Of Chicago Press</subfield><subfield code="c">1969</subfield></datafield><datafield ind1=" " ind2=" " tag="300"><subfield code="a">169P</subfield></datafield><datafield ind1=" " ind2=" " tag="490"><subfield code="a">Chicago Lectutes In Phhysics</subfield></datafield><datafield ind1=" " ind2=" " tag="852"><subfield code="a">34779</subfield><subfield code="c">539.12</subfield></datafield><datafield ind1=" " ind2=" " tag="CAT"><subfield code="a">Sys</subfield><subfield code="c">20111121</subfield><subfield code="h">165637</subfield></datafield></record></collection>